<record><leader>00000cas a2200000 a 4500</leader><controlfield tag="001">1780294</controlfield><controlfield tag="008">751101u1973uuuualuqx ne      0   a0eng c</controlfield><datafield ind1=" " ind2=" " tag="010"><subfield code="a">sn 86015942 </subfield></datafield><datafield ind1=" " ind2=" " tag="040"><subfield code="a">MUL</subfield><subfield code="b">eng</subfield><subfield code="c">MUL</subfield><subfield code="d">COO</subfield><subfield code="d">NYG</subfield><subfield code="d">NST</subfield><subfield code="d">EYM</subfield><subfield code="d">OCLCQ</subfield><subfield code="d">CZL</subfield><subfield code="d">OCLCQ</subfield><subfield code="d">NVF</subfield><subfield code="d">OCLCF</subfield><subfield code="d">OCLCO</subfield></datafield><datafield ind1=" " ind2=" " tag="012"><subfield code="i">8605</subfield></datafield><datafield ind1="1" ind2=" " tag="029"><subfield code="a">AU@</subfield><subfield code="b">000025193522</subfield></datafield><datafield ind1=" " ind2=" " tag="037"><subfield code="b">Southern Poverty Law Center, 1001 S. Hull St., Montgomery, Ala. 36101</subfield></datafield><datafield ind1=" " ind2=" " tag="042"><subfield code="a">pcc</subfield></datafield><datafield ind1=" " ind2=" " tag="043"><subfield code="a">n-us---</subfield></datafield><datafield ind1=" " ind2="4" tag="050"><subfield code="a">HV682.A1</subfield><subfield code="b">P68</subfield></datafield><datafield ind1="0" ind2="4" tag="082"><subfield code="a">362.580973</subfield><subfield code="b">fP879, 78-55770</subfield></datafield><datafield ind1="0" ind2="0" tag="245"><subfield code="a">Poverty law report.</subfield></datafield><datafield ind1=" " ind2=" " tag="260"><subfield code="a">Montgomery, Ala. :</subfield><subfield code="b">Southern Poverty Law Center,</subfield><subfield code="c">1973-</subfield></datafield><datafield ind1=" " ind2=" " tag="300"><subfield code="a">v. :</subfield><subfield code="b">ill. ;</subfield><subfield code="c">41 cm.</subfield></datafield><datafield ind1=" " ind2=" " tag="310"><subfield code="a">Five issues yearly,</subfield><subfield code="b">&lt;1978-&gt;</subfield></datafield><datafield ind1=" " ind2=" " tag="321"><subfield code="a">Quarterly,</subfield><subfield code="b">1973-May 1974</subfield></datafield><datafield ind1=" " ind2=" " tag="321"><subfield code="a">Bimonthly,</subfield><subfield code="b">Aug. 1974-&lt;1977&gt;</subfield></datafield><datafield ind1="0" ind2=" " tag="362"><subfield code="a">Vol. 1, no. 1 (Mar. 1973)-</subfield></datafield><datafield ind1=" " ind2=" " tag="500"><subfield code="a">"A review of advances in the legal rights of the poor."</subfield></datafield><datafield ind1=" " ind2=" " tag="530"><subfield code="3">May 1975-June/July 1978</subfield><subfield code="a">available on microfilm;</subfield><subfield code="b">New York Public Library.</subfield></datafield><datafield ind1=" " ind2=" " tag="550"><subfield code="a">"A publication of the Southern Poverty Law Center."</subfield></datafield><datafield ind1=" " ind2=" " tag="588"><subfield code="a">Latest issue consulted: Vol. 8, no. 4 (Aug./Sept. 1980).</subfield></datafield><datafield ind1=" " ind2="0" tag="650"><subfield code="a">Legal assistance to the poor</subfield><subfield code="z">United States</subfield><subfield code="v">Newspapers.</subfield></datafield><datafield ind1=" " ind2="0" tag="650"><subfield code="a">Poor</subfield><subfield code="z">United States</subfield><subfield code="v">Newspapers.</subfield></datafield><datafield ind1=" " ind2="0" tag="650"><subfield code="a">Public welfare</subfield><subfield code="z">United States</subfield><subfield code="v">Newspapers.</subfield></datafield><datafield ind1=" " ind2="7" tag="655"><subfield code="a">Newspapers.</subfield><subfield code="2">fast</subfield><subfield code="0">(OCoLC)fst01423814</subfield></datafield><datafield ind1=" " ind2="7" tag="650"><subfield code="a">Legal assistance to the poor.</subfield><subfield code="2">fast</subfield><subfield code="0">(OCoLC)fst00995420</subfield></datafield><datafield ind1=" " ind2="7" tag="650"><subfield code="a">Poor.</subfield><subfield code="2">fast</subfield><subfield code="0">(OCoLC)fst01071040</subfield></datafield><datafield ind1=" " ind2="7" tag="650"><subfield code="a">Public welfare.</subfield><subfield code="2">fast</subfield><subfield code="0">(OCoLC)fst01083250</subfield></datafield><datafield ind1=" " ind2="7" tag="651"><subfield code="a">United States.</subfield><subfield code="2">fast</subfield><subfield code="0">(OCoLC)fst01204155</subfield></datafield><datafield ind1="2" ind2=" " tag="710"><subfield code="a">Southern Poverty Law Center.</subfield></datafield><datafield ind1=" " ind2=" " tag="752"><subfield code="a">United States</subfield><subfield code="b">Alabama</subfield><subfield code="c">Montgomery</subfield><subfield code="d">Montgomery.</subfield></datafield><datafield ind1="0" ind2="8" tag="776"><subfield code="i">Microfilm.</subfield><subfield code="t">Poverty law report.</subfield><subfield code="w">(DLC)sn 94091222</subfield><subfield code="w">(OCoLC)32653749</subfield></datafield><datafield ind1=" " ind2=" " tag="850"><subfield code="a">IaU-L</subfield><subfield code="a">KU-S</subfield><subfield code="a">MiU</subfield><subfield code="a">NRU</subfield><subfield code="a">NcU</subfield><subfield code="a">WM</subfield></datafield></record>